@article{codling2008random,
  title={Random walk models in biology},
  author={Codling, Edward A and Plank, Michael J and Benhamou, Simon},
  journal={Journal of the Royal Society Interface},
  volume={5},
  number={25},
  pages={813--834},
  year={2008},
  publisher={The Royal Society}
}

@article{othmer2000diffusion,
  title={The diffusion limit of transport equations derived from velocity-jump processes},
  author={Othmer, Hans G and Hillen, Thomas},
  journal={SIAM Journal on Applied Mathematics},
  volume={61},
  number={3},
  pages={751--775},
  year={2000},
  publisher={SIAM}
}

@article{othmer1988models,
  title={Models of dispersal in biological systems},
  author={Othmer, Hans G and Dunbar, Steven R and Alt, Wolfgang},
  journal={Journal of mathematical biology},
  volume={26},
  number={3},
  pages={263--298},
  year={1988},
  publisher={Springer}
}